@PREAMBLE{
 "\providecommand{\noopsort}[1]{}" 
 # "\providecommand{\singleletter}[1]{#1}%" 
}

@ARTICLE{biglari90,
  author       = "H. Biglari and  P.H. Diamond and P. W. Terry",
   year         = "1990",
   journal      = "Phys. Fluids  B.",
   volume       = "2",
   pages        = "1-4",
}

@ARTICLE{ware96,
  author       = "A.S. Ware and P.W. Terry and P.H. Diamond and B.A. Carreras",
   year         = "1996",
   journal      = "Plasma Phys. Control Fusion",
   volume       = "38",
   pages        = "1343-1347",
}

@ARTICLE{terry01,
  author       = "P.W. Terry and D.E. Newman and A.S. Ware",
   year         = "2001",
   journal      = "Phys. Rev. Lett.",
   volume       = "87",
   pages        = "18",
}

@ARTICLE{carter09,
  author       = "T.A. Carter and J.E. Maggs",
   year         = "2009",
   journal      = "Phys. Plasmas",
   volume       = "16",
   pages        = "012304",
}

@ARTICLE{maggs07,
author="J.E. Maggs and T.A. Carter and R.J. Taylor",
year="2007",
journal="Phys. Plasmas",
volume="14",
pages="052507",
}

@ARTICLE{boedo00,
author="J. Boedo and D. Gray and S. Jachmich and R. Conn and G.P. Terry and G. Tynan and G. Van Oost and R.R. Weynants and TEXTOR Team",
year="2000",
journal="Nucl. Fusion",
volume="40",
pages="7",
}

@ARTICLE{zhou12,
author="S. Zhou and W.W. Heidbrink and H. Boehmer and R. McWilliams and T.A. Carter and S. Vincena and B. Friedman and D. Schaffner",
year="2012",
journal="Phys. Plasmas",
volume="19",
pages="99999999",
}

@ARTICLE{gek91,
author="W. Gekelman and H. Pfister and Z. Lucky and J. Bamber and D. Leneman and J. Maggs",
year="1991",
journal="Rev. Sci. Instrum.",
volume="62",
pages="2875",
}

@ARTICLE{moyer95,
author="R.A. Moyer and K.H. Burrell and T.N. Carlstrom and S. Coda and R.W. Conn and E.J. Doyle and P. Gohil and R.J. Groebner and J.Kim and R. Lehmer and W.A. Peebles and M. Porkolab and C.L. Rettig and T.L. Rhodes and R.P. Seraydarian and R. Stockdale and D.M. Thomas and G.R. Tynan and J.G. Walkins",
year="1995",
journal="Phys. Plasmas",
volume="2",
pages="2397",
}

@ARTICLE{wagner82,
author="F. Wagner and G. Becker and K. Behringer and D. Campbell and A. Eberhagen and W. Engelhardt and G. Fussmann and O. Gehre and J. Gernhardt and G. v.Gierke and G. Haas and M. Huang and F. Karger and M. Keilhacker and O. Kluber and M. Kornherr and K. Lackner and G. Lisitano and G.G. Lister and H.M. Mayer and D. Meisel and E.R. Muller and H. Murmann and H. Niedermeyer and W. Poschenrieder and H. Rapp and H. Rohr and F. Schneider and G. Siller and E. Speth and A. Stabler and K.H.Steuer and G. Venus and O. Vollmer and Z. Yu",
year="1982",
journal="Phys. Rev. Lett.",
volume="49",
pages="1408",
}

@ARTICLE{tynan92,
author="G.R. Tynan and L. Schmitz and R.W. Conn and R. Doerner and R. Lehmer",
year="1992",
journal="Phys. Rev. Lett.",
volume="68",
pages="3032",
}

@ARTICLE{taylor89,
author="R.J. Taylor and M.L. Brown and B.D. Fried and H. Grote and J.R. Liberati and G.J. Morales and P. Pribyl and D. Darrow and M. Ono",
year="1989",
journal="Phys. Rev. Lett.",
volume="63",
pages="2365",
}

@ARTICLE{weynants93,
author="R.R. Weynants and G. Van Oost",
year="1993",
journal="Plasma Phys. Control Fusion",
volume="35",
pages="B177-B189",
}

@ARTICLE{powers74,
author="E.J. Powers",
year="1974",
journal="Nucl. Fusion",
volume="14",
pages="749",
}

@ARTICLE{groebner90,
author="R.J. Groebner and K.H. Burrell and R.P. Seraydarian",
year="1990",
journal="Phys. Rev. Lett.",
volume="64",
pages="3015",
}